@Misc{midi,
	author = 	 {{The MIDI Association}},
	title = 			 {\GG{20020530}The MIDI Documentation},
	year = 		 {2019},
	howpublished = {\url{https://www.midi.org}},
}

@Misc{opencv,
	author = 	 {{OpenCv Library}},
	title = 			 {The OpenCv Documentation},
	year = 		 {2019},
	howpublished = {\url{https://docs.opencv.org/}},
}

@Misc{rtmidi,
	author = 	 {{RtMidi: realtime MIDI i/o C++ classes}},
	title = 			 {The RtMidi Documentation},
	year = 		 {2019},
	howpublished = {\url{http://www.music.mcgill.ca/~gary/rtmidi/}},
}

@article{aruco,
	author = {Garrido-Jurado, Sergio and Muñoz-Salinas, Rafael and Madrid-Cuevas, Francisco and Marín-Jiménez, Manuel},
	year = {2014},
	month = {06},
	pages = {2280–2292},
	title = {Automatic generation and detection of highly reliable fiducial markers under occlusion},
	volume = {47},
	journal = {Pattern Recognition},
	doi = {10.1016/j.patcog.2014.01.005},
}

@Misc{aruco2,
	author = 	 {{ArUco Library}},
	title = 			 {The ArUco Library},
	year = 		 {2019},
	howpublished = {\url{http://www.uco.es/investiga/grupos/ava/node/}},
}

@Misc{tabela1,
	author = 	 {{The MIDI Association}},
	title = 			 {\GG{20020531}Summary of MIDI Messages},
	year = 		 {2019},
	howpublished = {\url{https://www.midi.org/specifications-old/item/table-1-summary-of-midi-message}},
}

@Misc{tabela2,
	author = 	 {{The MIDI Association}},
	title = 			 {\GG{20020533}Expanded Messages List (Status Bytes)},
	year = 		 {2019},
	howpublished = {\url{https://www.midi.org/specifications-old/item/table-2-expanded-messages-list-status-bytes}},
}

@Misc{app1,
	title = 			 {Electro
  Music Drum Pads},
  	year = {2018},
	howpublished = {\url{https://play.google.com/store/apps/details?id=electro.drum.pads}},
}

@Misc{app2,
	title = 			 {Drum Pad Machine - Crie Música},
	year = {2019},
	howpublished = {\url{https://play.google.com/store/apps/details?id=com.agminstruments.drumpadmachine}},
}

@Misc{app3,
	title = 			 {Drum Pad 24 - Music Maker},
	year = {2018},
	howpublished = {\url{https://play.google.com/store/apps/details?id=com.paullipnyagov.drumpads24}},
}


